% This file was created with JabRef 2.9.2.
% Encoding: Cp1252

@ARTICLE{MR2900786,
  author = {Crainic, Marius and M\u{a}rcu\c{t}, Ioan},
  title = {On the existence of symplectic realizations},
  journal = {J. Symplectic Geom.},
  year = {2011},
  volume = {9},
  pages = {435--444},
  number = {4},
  fjournal = {The Journal of Symplectic Geometry},
  issn = {1527-5256},
  mrclass = {53D17 (53D05)},
  mrnumber = {2900786},
  mrreviewer = {Jeffrey K. Lawson},
  url = {http://projecteuclid.org/euclid.jsg/1330441079}
}

@INCOLLECTION{MR3077259,
  author = {Joyce, Dominic},
  title = {On manifolds with corners},
  booktitle = {Advances in geometric analysis},
  publisher = {Int. Press, Somerville, MA},
  year = {2012},
  volume = {21},
  series = {Adv. Lect. Math. (ALM)},
  pages = {225--258},
  mrclass = {58A05},
  mrnumber = {3077259},
  mrreviewer = {Hirokazu Nishimura}
}

